@book{mittelbach2008,
  author    = {Mittelbach, Frank and Goossens, Michel and Braams, Johannes and Carlisle, David and Rowley, Chris},
  title     = {The \LaTeX{} Companion},
  sorttitle = {The LaTeX Companion},
  year      = {2008},
  edition   = {2},
  isbn      = {978-0-20136-299-2},
  publisher = {Addison-Wesley},
  keywords  = {key:Papier},
}

@book{voss2011,
  author    = {Voß, Herbert},
  title     = {Bibliographien mit \LaTeX},
  sorttitle = {Bibliographien mit LaTeX},
  location  = {Berlin},
  year      = {2011},
  edition   = {1},
  publisher = {Lehmanns Media},
  isbn      = {978-3-86541-415-1},
  keywords  = {key:Papier},
}

@book{kohm2009,
  author    = {Kohm, Markus and Morawski, Jens-Uwe},
  title     = {KOMA-Script},
  subtitle  = {Eine Sammlung von Klassen und Paketen für \LaTeX$2_{\varepsilon}$},
  year      = {2009},
  edition   = {3},
  publisher = {Lehmanns Media},
  isbn      = {978-3-86541-191-1},
  keywords  = {key:Papier},
}

@book{voss2010a,
  author    = {Voß, Herbert},
  title     = {\LaTeX{} Referenz},
  sorttitle = {LaTeX Referenz},
  year      = {2010},
  edition   = {2},
  publisher = {Lehmanns Media},
  location  = {Berlin},
  isbn      = {978-3-86541-366-6},
  keywords  = {key:Papier},
}

@book{voss2009,
  author    = {Voß, Herbert},
  title     = {Präsentationen mit \LaTeX},
  sorttitle = {Präsentationen mit LaTeX},
  year      = {2009},
  edition   = {1},
  publisher = {Lehmanns Media},
  location  = {Berlin},
  isbn      = {978-3-86541-353-6},
  keywords  = {key:Papier},
}

@book{voss2008,
  author    = {Voß, Herbert},
  title     = {PSTricks},
  subtitle  = {Graphik mit PostScript für \TeX{} und \LaTeX{}},
  year      = {2008},
  edition   = {5},
  publisher = {Lehmanns Media},
  location  = {Berlin},
  isbn      = {978-3-86541-280-5},
  keywords  = {key:Papier},
}

@book{voss2010b,
  author    = {Voß, Herbert},
  title     = {Tabellen mit \LaTeX},
  sorttitle = {Tabellen mit LaTeX},
  year      = {2010},
  edition   = {5},
  publisher = {Lehmanns Media},
  location  = {Berlin},
  isbn      = {78-3-86541-370-3},
  keywords  = {key:Papier},
}

@book{voss2012,
  author    = {Voß, Herbert},
  title     = {Einführung in \LaTeX{}},
  sorttitle = {Einführung in LaTeX},
  subtitle  = {Unter Berücksichtigung von \hologo{pdfLaTeX}, \hologo{XeLaTeX}, \hologo{LuaLaTeX}},
  year      = {2012},
  publisher = {Lehmanns Media},
  location  = {Berlin},
  isbn      = {978-3-86541-4625},
}

@online{l2short,
  author    = {Daniel, Marco and Gundlach, Patrick and Schmidt, Walter and Knappen, Jörg and Partl, Hubert and Hyna, Irene},
  title     = {\hologo{LaTeX2e}-Kurzbeschreibung},
  sorttitle = {LaTeX2e-Kurzbeschreibung},
  date      = {2012-07-01},
  url       = {http://ctan.org/pkg/lshort-german},
  urldate   = {2013-12-06},
}
